<record><leader>00000cas a22000007a 4500</leader><controlfield tag="001">10029656</controlfield><controlfield tag="008">831018d18571858meudn ne      0    0eng d</controlfield><datafield ind1=" " ind2=" " tag="010"><subfield code="a">sn 83021249 </subfield></datafield><datafield ind1=" " ind2=" " tag="040"><subfield code="a">NPX</subfield><subfield code="b">eng</subfield><subfield code="c">NPX</subfield><subfield code="d">MGN</subfield><subfield code="d">MBN</subfield><subfield code="d">UKMGB</subfield><subfield code="d">OCLCQ</subfield><subfield code="d">OCLCF</subfield><subfield code="d">OCLCO</subfield></datafield><datafield ind1="7" ind2=" " tag="016"><subfield code="a">013917542</subfield><subfield code="2">Uk</subfield></datafield><datafield ind1="1" ind2=" " tag="029"><subfield code="a">AU@</subfield><subfield code="b">000020226170</subfield></datafield><datafield ind1=" " ind2=" " tag="042"><subfield code="a">msc</subfield></datafield><datafield ind1=" " ind2=" " tag="043"><subfield code="a">n-us-me</subfield></datafield><datafield ind1="0" ind2="0" tag="245"><subfield code="a">Bath daily tribune and eastern times.</subfield></datafield><datafield ind1="1" ind2="3" tag="246"><subfield code="a">Bath daily tribune</subfield></datafield><datafield ind1=" " ind2=" " tag="260"><subfield code="a">Bath, Me. :</subfield><subfield code="b">E. Roberts &amp; Co.</subfield></datafield><datafield ind1=" " ind2=" " tag="300"><subfield code="a">v. ;</subfield><subfield code="c">57 cm.</subfield></datafield><datafield ind1=" " ind2=" " tag="310"><subfield code="a">Daily (except Sun.)</subfield></datafield><datafield ind1="0" ind2=" " tag="362"><subfield code="a">Vol. 3, no. 619 (Sept. 3, 1857)-v. 4, no. 917 (Aug. 12, 1858).</subfield></datafield><datafield ind1=" " ind2=" " tag="500"><subfield code="a">Editor: E. Clarke.</subfield></datafield><datafield ind1=" " ind2=" " tag="580"><subfield code="a">Merged with: People's organ, to form: Bath daily times.</subfield></datafield><datafield ind1=" " ind2="0" tag="651"><subfield code="a">Bath (Me.)</subfield><subfield code="v">Newspapers.</subfield></datafield><datafield ind1=" " ind2="7" tag="655"><subfield code="a">Newspapers.</subfield><subfield code="2">fast</subfield><subfield code="0">(OCoLC)fst01423814</subfield></datafield><datafield ind1=" " ind2="7" tag="651"><subfield code="a">Maine</subfield><subfield code="z">Bath.</subfield><subfield code="2">fast</subfield><subfield code="0">(OCoLC)fst01210217</subfield></datafield><datafield ind1="1" ind2=" " tag="700"><subfield code="a">Clarke, Elisha.</subfield></datafield><datafield ind1=" " ind2=" " tag="752"><subfield code="a">United States</subfield><subfield code="b">Maine</subfield><subfield code="c">Sagadahoc</subfield><subfield code="d">Bath.</subfield></datafield><datafield ind1="0" ind2=" " tag="775"><subfield code="t">Eastern times and northern tribune</subfield><subfield code="w">(DLC)sn 99066546</subfield></datafield><datafield ind1="0" ind2="0" tag="780"><subfield code="t">Bath daily tribune</subfield><subfield code="w">(DLC)sn 83021242</subfield></datafield><datafield ind1="1" ind2="7" tag="785"><subfield code="t">People's organ</subfield><subfield code="w">(DLC)sn 83021248</subfield></datafield><datafield ind1="1" ind2="7" tag="785"><subfield code="t">Bath daily times</subfield><subfield code="w">(DLC)sn 97069018</subfield></datafield></record>